@misc{bcancer:1,
    author = "UCI Machine Learning",
    title = "Breast Cancer Wisconsin (Diagnostic) Data Set",
    url = "https://www.kaggle.com/uciml/breast-cancer-wisconsin-data",
}

@misc{alz:2,
    author = "Kaggle (Unknown Source)",
    title = "Alzheimer Features",
    url = "https://www.kaggle.com/brsdincer/alzheimer-features",
}

@misc{heart:3,
    author = "Davide Chicco",
    title = "Heart Failure Clinical Records Data Set",
    url = "https://www.kaggle.com/andrewmvd/heart-failure-clinical-data",
}